<record><leader>00000cas a2200000 a 4500</leader><controlfield tag="001">43414670</controlfield><controlfield tag="008">000207c20009999mnumn n       0   a0eng c</controlfield><datafield ind1=" " ind2=" " tag="010"><subfield code="a">   00212294 </subfield></datafield><datafield ind1=" " ind2=" " tag="040"><subfield code="a">MHS</subfield><subfield code="b">eng</subfield><subfield code="c">MHS</subfield><subfield code="d">NSD</subfield><subfield code="d">OCLCQ</subfield><subfield code="d">OCLCF</subfield><subfield code="d">OCLCO</subfield></datafield><datafield ind1=" " ind2=" " tag="012"><subfield code="m">1</subfield></datafield><datafield ind1="0" ind2=" " tag="022"><subfield code="a">1529-1669</subfield><subfield code="l">1529-1669</subfield><subfield code="2">1</subfield></datafield><datafield ind1="1" ind2=" " tag="029"><subfield code="a">AU@</subfield><subfield code="b">000021430374</subfield></datafield><datafield ind1=" " ind2=" " tag="032"><subfield code="a">668410</subfield><subfield code="b">USPS</subfield></datafield><datafield ind1=" " ind2=" " tag="042"><subfield code="a">nsdp</subfield><subfield code="a">pcc</subfield></datafield><datafield ind1=" " ind2=" " tag="043"><subfield code="a">n-us-mn</subfield></datafield><datafield ind1=" " ind2=" " tag="052"><subfield code="a">4144</subfield><subfield code="b">S4</subfield></datafield><datafield ind1="1" ind2="0" tag="082"><subfield code="a">630</subfield><subfield code="2">13</subfield></datafield><datafield ind1="0" ind2=" " tag="130"><subfield code="a">Voice of agriculture (Saint Paul, Minn.)</subfield></datafield><datafield ind1="0" ind2=" " tag="210"><subfield code="a">Voice agric.</subfield><subfield code="b">(Saint Paul Minn.)</subfield></datafield><datafield ind1=" " ind2="4" tag="222"><subfield code="a">The Voice of agriculture</subfield><subfield code="b">(Saint Paul, Minn.)</subfield></datafield><datafield ind1="1" ind2="4" tag="245"><subfield code="a">The voice of agriculture.</subfield></datafield><datafield ind1=" " ind2=" " tag="260"><subfield code="a">St. Paul, MN :</subfield><subfield code="b">Minnesota Farm Bureau Federation,</subfield><subfield code="c">2000-</subfield></datafield><datafield ind1=" " ind2=" " tag="300"><subfield code="a">v.</subfield></datafield><datafield ind1=" " ind2=" " tag="310"><subfield code="a">Monthly (except bimonthly in Apr./May and Nov./Dec.)</subfield></datafield><datafield ind1="0" ind2=" " tag="362"><subfield code="a">Vol. 20, no. 1 (Jan. 2000)-</subfield></datafield><datafield ind1=" " ind2=" " tag="500"><subfield code="a">Title from cover.</subfield></datafield><datafield ind1=" " ind2=" " tag="530"><subfield code="a">Available on microfilm from the Minnesota Historical Society.</subfield></datafield><datafield ind1=" " ind2="0" tag="650"><subfield code="a">Farm management</subfield><subfield code="z">Minnesota</subfield><subfield code="v">Periodicals.</subfield></datafield><datafield ind1=" " ind2="0" tag="651"><subfield code="a">Saint Paul (Minn.)</subfield><subfield code="v">Newspapers.</subfield></datafield><datafield ind1=" " ind2="7" tag="655"><subfield code="a">Newspapers.</subfield><subfield code="2">fast</subfield><subfield code="0">(OCoLC)fst01423814</subfield></datafield><datafield ind1=" " ind2="7" tag="655"><subfield code="a">Periodicals.</subfield><subfield code="2">fast</subfield><subfield code="0">(OCoLC)fst01411641</subfield></datafield><datafield ind1=" " ind2="7" tag="650"><subfield code="a">Farm management.</subfield><subfield code="2">fast</subfield><subfield code="0">(OCoLC)fst00921070</subfield></datafield><datafield ind1=" " ind2="7" tag="651"><subfield code="a">Minnesota.</subfield><subfield code="2">fast</subfield><subfield code="0">(OCoLC)fst01204560</subfield></datafield><datafield ind1=" " ind2="7" tag="651"><subfield code="a">Minnesota</subfield><subfield code="z">Saint Paul.</subfield><subfield code="2">fast</subfield><subfield code="0">(OCoLC)fst01212130</subfield></datafield><datafield ind1="2" ind2=" " tag="710"><subfield code="a">Minnesota Farm Bureau Federation.</subfield></datafield><datafield ind1=" " ind2=" " tag="752"><subfield code="a">United States</subfield><subfield code="b">Minnesota</subfield><subfield code="c">Ramsey</subfield><subfield code="d">Saint Paul.</subfield></datafield><datafield ind1="0" ind2="0" tag="780"><subfield code="t">Farmer's voice (Saint Paul, Minn. : 1983)</subfield><subfield code="w">(DLC)sn 83008632</subfield></datafield></record>